%%%%%% Rich text entailment %%%%%

@article{dagan2010recognizing,
  title={Recognizing textual entailment: Rational, evaluation and approaches},
  author={Dagan, Ido and Dolan, Bill and Magnini, Bernardo and Roth, Dan},
  journal={Natural Language Engineering},
  volume={16},
  number={01},
  pages={105--105},
  year={2010},
  publisher={Cambridge Univ Press}
}


@inproceedings{richardson2013mctest,
  title={MCTest: A Challenge Dataset for the Open-Domain Machine Comprehension of Text.},
  author={Richardson, Matthew and Burges, Christopher JC and Renshaw, Erin},
  booktitle={EMNLP},
  volume={1},
  pages={2},
  year={2013}
}

@article{watson,
title={The Era of Cognitive Systems: An Inside Look at IBM Watson and How it Works},
author={Rob High}
booktitle={A White Paper}
year={2012}
}

@inproceedings{balasubramanian2013generating,
  title={Generating Coherent Event Schemas at Scale.},
  author={Balasubramanian, Niranjan and Soderland, Stephen and Mausam, Oren Etzioni and Etzioni, Oren},
  booktitle={EMNLP},
  pages={1721--1731},
  year={2013}
}

%%%%%%%% Tools

@inproceedings{lavrenko2001relevance,
  title={Relevance based language models},
  author={Lavrenko, Victor and Croft, W Bruce},
  booktitle={Proceedings of the 24th annual international ACM SIGIR conference on Research and development in information retrieval},
  pages={120--127},
  year={2001},
  organization={ACM}
}

@InProceedings{PavlickEtAl-2015:ACL:Semantics,
  author =  {Ellie Pavlick and Johan Bos and Malvina Nissim and Charley Beller and Benjamin Van Durme and Chris Callison-Burch},
  title =   {Adding Semantics to Data-Driven Paraphrasing}
  booktitle = {Association for Computational Linguistics},
  month     = {July},
  year      = {2015},
  address   = {Beijing, China},
  publisher = {Association for Computational Linguistics},
}

@inproceedings{yao2013lightweight,
  title={A Lightweight and High Performance Monolingual Word Aligner.},
  author={Yao, Xuchen and Van Durme, Benjamin and Callison-Burch, Chris and Clark, Peter},
  booktitle={ACL (2)},
  pages={702--707},
  year={2013}
}
@inproceedings{stern2012biutee,
  title={Biutee: A modular open-source system for recognizing textual entailment},
  author={Stern, Asher and Dagan, Ido},
  booktitle={Proceedings of the ACL 2012 System Demonstrations},
  pages={73--78},
  year={2012},
  organization={Association for Computational Linguistics}
}

%%%%%%%%% SRL %%%%%%%%%%
@inproceedings{baker1998berkeley,
  title={The berkeley framenet project},
  author={Baker, Collin F and Fillmore, Charles J and Lowe, John B},
  booktitle={Proceedings of the 17th international conference on Computational linguistics-Volume 1},
  pages={86--90},
  year={1998},
  organization={Association for Computational Linguistics}
}
@inproceedings{kingsbury2003propbank,
  title={Propbank: the next level of treebank},
  author={Kingsbury, Paul and Palmer, Martha},
  booktitle={Proceedings of Treebanks and lexical Theories},
  volume={3},
  year={2003},
  organization={Citeseer}
}
@inproceedings{kingsbury2002treebank,
  title={From TreeBank to PropBank.},
  author={Kingsbury, Paul and Palmer, Martha},
  booktitle={LREC},
  year={2002},
  organization={Citeseer}
}

@article{gildea2002automatic,
  title={Automatic labeling of semantic roles},
  author={Gildea, Daniel and Jurafsky, Daniel},
  journal={Computational linguistics},
  volume={28},
  number={3},
  pages={245--288},
  year={2002},
  publisher={MIT Press}
}

@inproceedings{srikumar2011joint,
  title={A joint model for extended semantic role labeling},
  author={Srikumar, Vivek and Roth, Dan},
  booktitle={Proceedings of the Conference on Empirical Methods in Natural Language Processing},
  pages={129--139},
  year={2011},
  organization={Association for Computational Linguistics}
}

@article{roth2015context,
  title={Context-aware Frame-Semantic Role Labeling},
  author={Roth, Michael and Lapata, Mirella},
  journal={Transactions of the Association for Computational Linguistics},
  volume={3},
  pages={449--460},
  year={2015}
}
@article{feizabadi2015combining,
  title={Combining seemingly incompatible corpora for implicit semantic role labeling},
  author={Feizabadi, Parvin Sadat and Pad{\'o}, Sebastian},
  journal={Proc. of* SEM},
  pages={40--50},
  year={2015}
}
@inproceedings{surdeanu2008conll,
  title={The CoNLL-2008 shared task on joint parsing of syntactic and semantic dependencies},
  author={Surdeanu, Mihai and Johansson, Richard and Meyers, Adam and M{\`a}rquez, Llu{\'\i}s and Nivre, Joakim},
  booktitle={Proceedings of the Twelfth Conference on Computational Natural Language Learning},
  pages={159--177},
  year={2008},
  organization={Association for Computational Linguistics}
}

@inproceedings{punyakanok2004srl,
 author = {Punyakanok, Vasin and Roth, Dan and Yih, Wen-tau and Zimak, Dav},
 title = {Semantic Role Labeling via Integer Linear Programming Inference},
 booktitle = {Proceedings of the 20th International Conference on Computational Linguistics},
 series = {COLING '04},
 year = {2004},
 location = {Geneva, Switzerland},
 articleno = {1346},
 url = {http://dx.doi.org/10.3115/1220355.1220552},
 doi = {10.3115/1220355.1220552},
 acmid = {1220552},
 publisher = {Association for Computational Linguistics},
 address = {Stroudsburg, PA, USA},
}

@inproceedings{koomen2005generalized,
  title={Generalized inference with multiple semantic role labeling systems},
  author={Koomen, Peter and Punyakanok, Vasin and Roth, Dan and Yih, Wen-tau},
  booktitle={Proceedings of the Ninth Conference on Computational Natural Language Learning},
  pages={181--184},
  year={2005},
  organization={Association for Computational Linguistics}
}

@article{tackstrom2015efficient,
  title={Efficient Inference and Structured Learning for Semantic Role Labeling},
  author={T{\"a}ckstr{\"o}m, Oscar and Ganchev, Kuzman and Das, Dipanjan},
  journal={Transactions of the Association for Computational Linguistics},
  volume={3},
  pages={29--41},
  year={2015}
}
@inproceedings{foland2015dependency,
  title={Dependency-Based Semantic Role Labeling using Convolutional Neural Networks},
  author={Foland Jr, William R and Martin, James H},
  booktitle={Proceedings of the Fourth Joint Conference on Lexical and Computational Semantics},
  pages={279--288},
  year={2015}
}

@inproceedings{bjorkelund2009multilingual,
  title={Multilingual semantic role labeling},
  author={Bj{\"o}rkelund, Anders and Hafdell, Love and Nugues, Pierre},
  booktitle={Proceedings of the Thirteenth Conference on Computational Natural Language Learning: Shared Task},
  pages={43--48},
  year={2009},
  organization={Association for Computational Linguistics}
}


@article{woodsenddistributed,
  title={Distributed Representations for Unsupervised Semantic Role Labeling},
  author={Woodsend, Kristian and Lapata, Mirella},
  booktitle={Proceedings of the Conference on Empirical Methods in Natural Language Processing},
  year ={2015}
}


@InProceedings{lang-emnlp2011,
  author = {Lang, Joel and Lapata, Mirella}, 
  title = {Unsupervised Semantic Role Induction with Graph Partitioning}, 
  booktitle = {Proceedings of the Conference on Empirical Methods in Natural Language Processing}, 
  month = {July}, 
  year = {2011}, 
  address = {Edinburgh, Scotland, UK.}, 
  publisher = {Association for Computational Linguistics}, 
  pages = {1320--1331}, 
  url = {http://www.aclweb.org/anthology/D11-1122} 
 }
 
 @InProceedings{lang-naacl2010, 
  author = {Lang, Joel and Lapata, Mirella}, 
  title = {Unsupervised Induction of Semantic Roles}, 
  booktitle = {Human Language Technologies: The 2010 Annual Conference 
  of the North American Chapter of the Association for Computational 
  Linguistics}, 
  month = {June}, 
  year = {2010}, 
  address = {Los Angeles, California}, 
  publisher = {Association for Computational Linguistics}, 
  pages = {939--947}, 
  url = {http://www.aclweb.org/anthology/N10-1137} 
 }
 
 @InProceedings{furstenau-emnlp2009, 
  author = {F{\"{u}}rstenau, Hagen and Lapata, Mirella}, 
  title = {Graph Alignment for Semi-Supervised Semantic Role Labeling}, 
  booktitle = {Proceedings of the 2009 Conference on Empirical Methods in Natural Language Processing}, 
  year = {2009}, 
  address = {Singapore}, 
  pages = {11--20} 
 }
 
 @article{furstenau2012semi,
  title={Semi-supervised semantic role labeling via structural alignment},
  author={F{\"u}rstenau, Hagen and Lapata, Mirella},
  journal={Computational Linguistics},
  volume={38},
  number={1},
  pages={135--171},
  year={2012},
  publisher={MIT Press}
}

 
 @InProceedings{klementievsemi,
  title={Semi-Supervised Semantic Role Labeling: Approaching from an Unsupervised Perspective},
  author={Klementiev, Ivan Titov Alexandre},
  booktitle={Proceedings of the COLING Conference.},
  year={2012}
}

@article{hequestion,
  title={Question-Answer Driven Semantic Role Labeling: Using Natural Language to Annotate Natural Language},
  author={He, Luheng and Lewis, Mike and Zettlemoyer, Luke},
  booktitle={Proceedings of the EMNLP Conference},
  year={2015}
}
 
 
 @inproceedings{balasubramanian2009automatic,
  title={Automatic generation of topic pages using query-based aspect models},
  author={Balasubramanian, Niranjan and Cucerzan, Silviu},
  booktitle={Proceedings of the 18th ACM conference on Information and knowledge management},
  pages={2049--2052},
  year={2009},
  organization={ACM}
}

%%%%%% Frame induction %%%%%%%
@article{oconnonr2013:arxiv,
  author    = {Brendan O'Connor},
  title     = {Learning Frames from Text with an Unsupervised Latent Variable Model},
  journal   = {CoRR},
  volume    = {abs/1307.7382},
  year      = {2013},
  url       = {http://arxiv.org/abs/1307.7382},
  timestamp = {Thu, 15 Aug 2013 15:30:57 +0200},
  biburl    = {http://dblp.uni-trier.de/rec/bib/journals/corr/OConnor13},
  bibsource = {dblp computer science bibliography, http://dblp.org}
}
@inproceedings{modi2012:naacl,
  title={Unsupervised induction of frame-semantic representations},
  author={Modi, Ashutosh and Titov, Ivan and Klementiev, Alexandre},
  booktitle={Proceedings of the NAACL-HLT Workshop on the Induction of Linguistic Structure},
  pages={1--7},
  year={2012},
  organization={Association for Computational Linguistics}
}
@inproceedings{chen2013:ASRU,
  title={Unsupervised induction and filling of semantic slots for spoken dialogue systems using frame-semantic parsing},
  author={Chen, Yun-Nung and Wang, Wei Yu and Rudnicky, Alexander and others},
  booktitle={Automatic Speech Recognition and Understanding (ASRU), 2013 IEEE Workshop on},
  pages={120--125},
  year={2013},
  organization={IEEE}
}



%%%%% SRL for QA
@inproceedings{berantSrikumar14,
  author = {Jonathan Berant and Vivek Srikumar and Pei-Chun Chen and Abby Vander Linden and Brittany Harding and Brad Huang and Peter Clark and Christopher D. Manning},
  booktitle = {Proceedings of EMNLP},
  title = {Modeling Biological Processes for Reading Comprehension},
  year = {2014},
}

@inproceedings{louvan2015:kcap,
title={Semantic Role Labeling for Process Recognition Questions},
author={Samuel Louvan and Chetan Naik and Veronica Lynn and Ankit Arun and Niranjan Balasubramanian and Peter Clark},
booktitle={K-CAP Scientific Knowledge Workshop},
year={2015}
}
@inproceedings{shen2007using,
  title={Using Semantic Roles to Improve Question Answering.},
  author={Shen, Dan and Lapata, Mirella},
  booktitle={EMNLP-CoNLL},
  pages={12--21},
  year={2007}
}

@inproceedings{pizzato2008indexing,
  title={Indexing on semantic roles for question answering},
  author={Pizzato, Luiz Augusto and Moll{\'a}, Diego},
  booktitle={Coling 2008: Proceedings of the 2nd workshop on Information Retrieval for Question Answering},
  pages={74--81},
  year={2008},
  organization={Association for Computational Linguistics}
}

%%%%

%%%%%%%%%%%%%%%%%%%%%%
@inproceedings{chb2013:akbc,
  title = {A Study of the {AKBC}/Requirements for Passing an Elementary Science Test},
  author = {Clark, Peter and Harrison, Phil and Balasubramanian, Niranjan},
  booktitle = {Proc. of the AKBC-WEKEX workshop at CIKM},
  year = {2013}
}

@inproceedings{clark2014:akbc,
  author={Peter Clark and Niranjan Balasubramanian and Sumithra Bhakthavatsalam and Kevin Humphreys and Jesse Kinkead and Ashish Sabharwal and Oyvind Tafjord},
  title={Automatic Construction of Inference-Supporting Knowledge Bases},
  booktitle={AKBC2014},
  address={Montreal, Canada},
  month=dec,
  year=2014
}

@article{clark2015elementary,
  title={Elementary school science and math tests as a driver for AI: Take the Aristo Challenge},
  author={Clark, Peter},
  journal={to appear},
  year={2015}
}

@inproceedings{khot2015:emlnlp,
author = {Tushar Khot and Niranjan Balasubramanian and Eric Gribkoff and Ashish Sabharwal and Peter Clark and Oren Etzioni},
title = {Exploring Markov Logic Networks for Question Answering},
booktitle = {Empirical Methods in Natural Language Processing},
year=2015
}

@inproceedings{richardson2013mctest,
  title={MCTest: A Challenge Dataset for the Open-Domain Machine Comprehension of Text.},
  author={Richardson, Matthew and Burges, Christopher JC and Renshaw, Erin},
  booktitle={EMNLP},
  volume={1},
  pages={2},
  year={2013}
}


%%%%%%%%%%%%% Open IE %%%%%%%%%%%

@inproceedings{schmitz2012open,
  title={Open language learning for information extraction},
  author={Mausam, and Schmitz, Michael and Bart, Robert and Soderland, Stephen and Etzioni, Oren},
  booktitle={Proceedings of the 2012 Joint Conference on Empirical Methods in Natural Language Processing and Computational Natural Language Learning},
  pages={523--534},
  year={2012},
  organization={Association for Computational Linguistics}
}

@inproceedings{carlson2010toward,
  title={Toward an Architecture for Never-Ending Language Learning.},
  author={Carlson, Andrew and Betteridge, Justin and Kisiel, Bryan and Settles, Burr and Hruschka Jr, Estevam R and Mitchell, Tom M},
  booktitle={AAAI},
  volume={5},
  pages={3},
  year={2010}
}
@inproceedings{suchanek2007yago,
  title={Yago: a core of semantic knowledge},
  author={Suchanek, Fabian M and Kasneci, Gjergji and Weikum, Gerhard},
  booktitle={Proceedings of the 16th international conference on World Wide Web},
  pages={697--706},
  year={2007},
  organization={ACM}
}

%%%%%%%%%%%%%% QA using Open IE %%%%%%%%
@article{reddy2014large,
  title={Large-scale semantic parsing without question-answer pairs},
  author={Reddy, Siva and Lapata, Mirella and Steedman, Mark},
  journal={Transactions of the Association for Computational Linguistics},
  volume={2},
  pages={377--392},
  year={2014}
}
@inproceedings{fader2014open,
  title={Open question answering over curated and extracted knowledge bases},
  author={Fader, Anthony and Zettlemoyer, Luke and Etzioni, Oren},
  booktitle={Proceedings of the 20th ACM SIGKDD international conference on Knowledge discovery and data mining},
  pages={1156--1165},
  year={2014},
  organization={ACM}
}
@incollection{bordes2014open,
  title={Open question answering with weakly supervised embedding models},
  author={Bordes, Antoine and Weston, Jason and Usunier, Nicolas},
  booktitle={Machine Learning and Knowledge Discovery in Databases},
  pages={165--180},
  year={2014},
  publisher={Springer}
}
@inproceedings{berant2013semantic,
  title={Semantic Parsing on Freebase from Question-Answer Pairs.},
  author={Berant, Jonathan and Chou, Andrew and Frostig, Roy and Liang, Percy},
  booktitle={EMNLP},
  pages={1533--1544},
  year={2013}
}

